@article{etzioni2011less,
  title={Less is more: The moral virtue of policy minimalism},
  author={Etzioni, Amitai},
  journal={Journal of Globalization Studies},
  volume={2},
  number={1},
  year={2011},
  publisher={Общество с ограниченной ответственностью {\guillemotleft}Издательство {\guillemotleft}Учитель{\guillemotright}}
}
